@misc{wiki-videovigilancia-ip,
  year = {2023},
  author = {{Wikipedia}},
  title = {{Videovigilancia IP}},
  howpublished = {\url{https://es.wikipedia.org/wiki/Videovigilancia_IP}},
}
@misc{mordor-video-surveillance,
  year = {2019},
  author = {{Mordor Intelligence}},
  title = {{Video Surveillance Systems Market}},
  howpublished = {\url{https://www.mordorintelligence.com/es/industry-reports/video-surveillance-systems-market}},
}
@misc{bbc-videovigilancia,
  year = {2017},
  author = {{BBC Mundo}},
  title = {{Videovigilancia: cómo China se convirtió en el país con más cámaras de seguridad del mundo}},
  howpublished = {\url{https://www.bbc.com/mundo/noticias-internacional-42398920}},
}
@misc{prosegur-aiot,
  year = {2022},
  author = {{Prosegur}},
  title = {{Soluciones AIoT: la tendencia en seguridad en Asia}},
  howpublished = {\url{https://www.prosegur.com/observatorio-tendencias/soluciones-aiot-tendencia-seguridad-asia}},
}
@misc{illustra-cameras,
  year = {2022},
  author = {{Illustra Cameras}},
  title = {{Illustra Cameras - Map Locations Asia}},
  howpublished = {\url{https://illustracameras.com/latam/map_locations/asia/}},
}
@misc{elpais-videovigilancia,
  year = {2018},
  author = {{El País}},
  title = {{Videovigilancia: cómo la inteligencia artificial está revolucionando la seguridad}},
  howpublished = {\url{https://elpais.com/retina/2018/04/25/tendencias/1524640135_207540.html}},
}